@Manual{wikiPCA,
  title = { Principal component analysis},
  author = {{ Wikipedia contributors }}, 
  year = {2023},
  url = {https://en.wikipedia.org/wiki/Principal_component_analysis},
}